<record><leader>00000cas a22000007a 4500</leader><controlfield tag="001">11405170</controlfield><controlfield tag="008">841119d18781905nyuwr ne      0    0eng d</controlfield><datafield ind1=" " ind2=" " tag="010"><subfield code="a">sn 84035825 </subfield></datafield><datafield ind1=" " ind2=" " tag="040"><subfield code="a">NYG</subfield><subfield code="b">eng</subfield><subfield code="c">NYG</subfield><subfield code="d">NYS</subfield><subfield code="d">NYG</subfield><subfield code="d">NYS</subfield><subfield code="d">OCLCQ</subfield><subfield code="d">OCLCF</subfield><subfield code="d">OCLCO</subfield></datafield><datafield ind1="1" ind2=" " tag="029"><subfield code="a">AU@</subfield><subfield code="b">000044243953</subfield></datafield><datafield ind1=" " ind2=" " tag="042"><subfield code="a">msc</subfield></datafield><datafield ind1=" " ind2=" " tag="043"><subfield code="a">n-us-ny</subfield></datafield><datafield ind1="0" ind2="4" tag="245"><subfield code="a">The St. Lawrence herald.</subfield></datafield><datafield ind1="3" ind2="0" tag="246"><subfield code="a">Saint Lawrence herald</subfield></datafield><datafield ind1="1" ind2="3" tag="246"><subfield code="a">Herald</subfield></datafield><datafield ind1=" " ind2=" " tag="260"><subfield code="a">Potsdam, N.Y. :</subfield><subfield code="b">Hawkins &amp; Son</subfield></datafield><datafield ind1=" " ind2=" " tag="300"><subfield code="a">v.</subfield></datafield><datafield ind1=" " ind2=" " tag="310"><subfield code="a">Weekly</subfield></datafield><datafield ind1="1" ind2=" " tag="362"><subfield code="a">Began in 1878.</subfield><subfield code="z">Cf. Gregory, W. Amer. newspaper.</subfield></datafield><datafield ind1="1" ind2=" " tag="362"><subfield code="a">Ceased with Feb. 3, 1905 issue?</subfield></datafield><datafield ind1=" " ind2=" " tag="500"><subfield code="a">"Fidelity to truth, liberty and law."</subfield></datafield><datafield ind1=" " ind2=" " tag="500"><subfield code="a">Published on Saturday.</subfield></datafield><datafield ind1=" " ind2=" " tag="588"><subfield code="a">Description based on: Vol. 2, no. 2 (Jan 18, 1879).</subfield></datafield><datafield ind1=" " ind2="0" tag="651"><subfield code="a">Potsdam (N.Y.)</subfield><subfield code="v">Newspapers.</subfield></datafield><datafield ind1=" " ind2="0" tag="651"><subfield code="a">Saint Lawrence County (N.Y.)</subfield><subfield code="v">Newspapers.</subfield></datafield><datafield ind1=" " ind2="7" tag="655"><subfield code="a">Newspapers.</subfield><subfield code="2">fast</subfield><subfield code="0">(OCoLC)fst01423814</subfield></datafield><datafield ind1=" " ind2="7" tag="651"><subfield code="a">New York (State)</subfield><subfield code="z">Potsdam.</subfield><subfield code="2">fast</subfield><subfield code="0">(OCoLC)fst01206106</subfield></datafield><datafield ind1=" " ind2="7" tag="651"><subfield code="a">New York (State)</subfield><subfield code="z">Saint Lawrence County.</subfield><subfield code="2">fast</subfield><subfield code="0">(OCoLC)fst01202920</subfield></datafield><datafield ind1=" " ind2=" " tag="752"><subfield code="a">United States</subfield><subfield code="b">New York</subfield><subfield code="c">Saint Lawrence</subfield><subfield code="d">Potsdam.</subfield></datafield><datafield ind1="0" ind2="7" tag="785"><subfield code="t">Potsdam recorder</subfield><subfield code="w">(DLC)sn 84035827</subfield></datafield><datafield ind1="0" ind2="7" tag="785"><subfield code="t">Potsdam herald-recorder</subfield><subfield code="w">(DLC)sn 84035824</subfield></datafield></record>